<record><leader>00000cas a2200000 a 4500</leader><controlfield tag="001">1536880</controlfield><controlfield tag="008">750812d18261827mauwr ne      0    0eng c</controlfield><datafield ind1=" " ind2=" " tag="010"><subfield code="a">sn 94051016 </subfield></datafield><datafield ind1=" " ind2=" " tag="040"><subfield code="a">MUL</subfield><subfield code="b">eng</subfield><subfield code="c">MUL</subfield><subfield code="d">OCL</subfield><subfield code="d">CNK</subfield><subfield code="d">DLC</subfield><subfield code="d">MGN</subfield><subfield code="d">OCL</subfield><subfield code="d">CVF</subfield><subfield code="d">IUL</subfield><subfield code="d">DLC</subfield><subfield code="d">OCLCQ</subfield><subfield code="d">OCLCF</subfield><subfield code="d">OCLCO</subfield></datafield><datafield ind1="1" ind2=" " tag="029"><subfield code="a">AU@</subfield><subfield code="b">000026229352</subfield></datafield><datafield ind1=" " ind2=" " tag="042"><subfield code="a">pcc</subfield></datafield><datafield ind1=" " ind2=" " tag="043"><subfield code="a">n-us-ma</subfield></datafield><datafield ind1=" " ind2="4" tag="050"><subfield code="a">PS1872</subfield><subfield code="b">.O25 1827 4o</subfield></datafield><datafield ind1="0" ind2="4" tag="245"><subfield code="a">The Boston spectator and ladies album.</subfield></datafield><datafield ind1=" " ind2=" " tag="260"><subfield code="a">[Boston, Mass.] :</subfield><subfield code="b">Ingraham and Hewes</subfield></datafield><datafield ind1=" " ind2=" " tag="310"><subfield code="a">Weekly</subfield></datafield><datafield ind1="0" ind2=" " tag="362"><subfield code="a">Vol. 1, no. 1 (Jan. 7, 1826)-v. 2, no. 52 (Dec. 29, 1827).</subfield></datafield><datafield ind1=" " ind2="0" tag="651"><subfield code="a">Boston (Mass.)</subfield><subfield code="v">Newspapers.</subfield></datafield><datafield ind1=" " ind2="7" tag="655"><subfield code="a">Newspapers.</subfield><subfield code="2">fast</subfield><subfield code="0">(OCoLC)fst01423814</subfield></datafield><datafield ind1=" " ind2="7" tag="651"><subfield code="a">Massachusetts</subfield><subfield code="z">Boston.</subfield><subfield code="2">fast</subfield><subfield code="0">(OCoLC)fst01205012</subfield></datafield><datafield ind1=" " ind2=" " tag="752"><subfield code="a">United States</subfield><subfield code="b">Massachusetts</subfield><subfield code="c">Suffolk</subfield><subfield code="d">Boston.</subfield></datafield><datafield ind1="0" ind2="0" tag="780"><subfield code="t">Boston spectator (Boston, Mass. : 1825)</subfield><subfield code="w">(DLC)sn 86071092</subfield></datafield><datafield ind1="0" ind2="0" tag="785"><subfield code="t">Bower of taste</subfield><subfield code="w">(OCoLC)1536944</subfield></datafield></record>